<?xml version="1.0" encoding="UTF-8"?><collection xmlns="http://www.loc.gov/MARC21/slim"><record><leader>00361nam--2200121-i-4500</leader><controlfield tag="001">000010068</controlfield><controlfield tag="002">20161230</controlfield><controlfield tag="005">20161230201028</controlfield><controlfield tag="008">060222s1000------------r-----000-0-eng-d</controlfield><datafield ind1=" " ind2=" " tag="245"><subfield code="a">Problems in the foundations of physics</subfield></datafield><datafield ind1=" " ind2=" " tag="260"><subfield code="a">Berlin, Springer-verlag, 1967</subfield></datafield><datafield ind1=" " ind2=" " tag="490"><subfield code="a">Studies In The Foundations Methodology And Phi Losophy Of Science</subfield></datafield><datafield ind1=" " ind2=" " tag="700"><subfield code="a">Bunge, Mario</subfield></datafield></record></collection>